<?xml version="1.0" encoding="UTF-8"?>
  <record xmlns="http://www.loc.gov/MARC21/slim" type="Authority">
    <leader>00000nz  a2200000nc 4500</leader>
    <controlfield tag="001">100794211</controlfield>
    <controlfield tag="003">DE-101</controlfield>
    <controlfield tag="005">20220310173914.0</controlfield>
    <controlfield tag="008">900707n||azznnaabn           | aaa    |c</controlfield>
    <datafield tag="024" ind1="7" ind2=" ">
      <subfield code="a">100794211</subfield>
      <subfield code="0">http://d-nb.info/gnd/100794211</subfield>
      <subfield code="2">gnd</subfield>
    </datafield>
    <datafield tag="035" ind1=" " ind2=" ">
      <subfield code="a">(DE-101)100794211</subfield>
    </datafield>
    <datafield tag="035" ind1=" " ind2=" ">
      <subfield code="a">(DE-588)100794211</subfield>
    </datafield>
    <datafield tag="035" ind1=" " ind2=" ">
      <subfield code="z">(DE-588)1089801750</subfield>
    </datafield>
    <datafield tag="035" ind1=" " ind2=" ">
      <subfield code="z">(DE-588a)100794211</subfield>
      <subfield code="9">v:zg</subfield>
    </datafield>
    <datafield tag="035" ind1=" " ind2=" ">
      <subfield code="z">(DE-588a)187605920</subfield>
    </datafield>
    <datafield tag="035" ind1=" " ind2=" ">
      <subfield code="z">(DE-588a)174165935</subfield>
    </datafield>
    <datafield tag="035" ind1=" " ind2=" ">
      <subfield code="z">(DE-588c)7754746-9</subfield>
      <subfield code="9">v:zg</subfield>
    </datafield>
    <datafield tag="040" ind1=" " ind2=" ">
      <subfield code="a">DE-12</subfield>
      <subfield code="c">DE-12</subfield>
      <subfield code="9">r:DE-12</subfield>
      <subfield code="b">ger</subfield>
      <subfield code="d">9999</subfield>
    </datafield>
    <datafield tag="042" ind1=" " ind2=" ">
      <subfield code="a">gnd1</subfield>
    </datafield>
    <datafield tag="043" ind1=" " ind2=" ">
      <subfield code="c">XB-IN</subfield>
    </datafield>
    <datafield tag="065" ind1=" " ind2=" ">
      <subfield code="a">12.2p</subfield>
      <subfield code="2">sswd</subfield>
    </datafield>
    <datafield tag="075" ind1=" " ind2=" ">
      <subfield code="b">p</subfield>
      <subfield code="2">gndgen</subfield>
    </datafield>
    <datafield tag="075" ind1=" " ind2=" ">
      <subfield code="b">piz</subfield>
      <subfield code="2">gndspec</subfield>
    </datafield>
    <datafield tag="079" ind1=" " ind2=" ">
      <subfield code="a">g</subfield>
      <subfield code="q">a</subfield>
      <subfield code="q">f</subfield>
      <subfield code="q">s</subfield>
      <subfield code="u">v</subfield>
      <subfield code="u">o</subfield>
    </datafield>
    <datafield tag="100" ind1="0" ind2=" ">
      <subfield code="a">Bidpai</subfield>
      <subfield code="d">Person der Antike oder des Mittelalters</subfield>
    </datafield>
    <datafield tag="375" ind1=" " ind2=" ">
      <subfield code="a">1</subfield>
      <subfield code="2">iso5218</subfield>
    </datafield>
    <datafield tag="400" ind1="0" ind2=" ">
      <subfield code="a">Beydeba</subfield>
      <subfield code="d">Person der Antike oder des Mittelalters</subfield>
    </datafield>
    <datafield tag="400" ind1="0" ind2=" ">
      <subfield code="a">Pilpai</subfield>
      <subfield code="d">Person der Antike oder des Mittelalters</subfield>
    </datafield>
    <datafield tag="400" ind1="0" ind2=" ">
      <subfield code="a">Bīdpāī</subfield>
      <subfield code="d">Person der Antike oder des Mittelalters</subfield>
    </datafield>
    <datafield tag="400" ind1="0" ind2=" ">
      <subfield code="a">Bīdpāʾī</subfield>
      <subfield code="d">Person der Antike oder des Mittelalters</subfield>
    </datafield>
    <datafield tag="400" ind1="0" ind2=" ">
      <subfield code="a">Bīdpāi</subfield>
      <subfield code="d">Person der Antike oder des Mittelalters</subfield>
    </datafield>
    <datafield tag="400" ind1="0" ind2=" ">
      <subfield code="a">Pilpay</subfield>
      <subfield code="d">Person der Antike oder des Mittelalters</subfield>
    </datafield>
    <datafield tag="400" ind1="0" ind2=" ">
      <subfield code="a">Bilpay</subfield>
      <subfield code="d">Person der Antike oder des Mittelalters</subfield>
    </datafield>
    <datafield tag="400" ind1="0" ind2=" ">
      <subfield code="a">Polpay</subfield>
      <subfield code="d">Person der Antike oder des Mittelalters</subfield>
    </datafield>
    <datafield tag="400" ind1="0" ind2=" ">
      <subfield code="a">Bīdbā</subfield>
      <subfield code="d">Person der Antike oder des Mittelalters</subfield>
    </datafield>
    <datafield tag="400" ind1="0" ind2=" ">
      <subfield code="a">Bīlpāī</subfield>
      <subfield code="d">Person der Antike oder des Mittelalters</subfield>
    </datafield>
    <datafield tag="400" ind1="0" ind2=" ">
      <subfield code="a">Anwar-i-Suhaili</subfield>
      <subfield code="d">Person der Antike oder des Mittelalters</subfield>
    </datafield>
    <datafield tag="400" ind1="0" ind2=" ">
      <subfield code="a">Pilʹpaj</subfield>
      <subfield code="d">Person der Antike oder des Mittelalters</subfield>
    </datafield>
    <datafield tag="400" ind1="0" ind2=" ">
      <subfield code="a">Baidabāʾ</subfield>
      <subfield code="d">Person der Antike oder des Mittelalters</subfield>
    </datafield>
    <datafield tag="400" ind1="0" ind2=" ">
      <subfield code="a">Baydabāʾ</subfield>
      <subfield code="d">Person der Antike oder des Mittelalters</subfield>
    </datafield>
    <datafield tag="400" ind1="0" ind2=" ">
      <subfield code="a">Baidabā</subfield>
      <subfield code="d">Person der Antike oder des Mittelalters</subfield>
    </datafield>
    <datafield tag="400" ind1="0" ind2=" ">
      <subfield code="a">Baydabā</subfield>
      <subfield code="d">Person der Antike oder des Mittelalters</subfield>
    </datafield>
    <datafield tag="400" ind1="0" ind2=" ">
      <subfield code="a">Muʿallim al-Bilāṭ</subfield>
      <subfield code="d">Person der Antike oder des Mittelalters</subfield>
    </datafield>
    <datafield tag="400" ind1="0" ind2=" ">
      <subfield code="a">Ar-Raǧul al-Ḥakīm</subfield>
      <subfield code="d">Person der Antike oder des Mittelalters</subfield>
    </datafield>
    <datafield tag="400" ind1="0" ind2=" ">
      <subfield code="a">Al-Rajul al-Ḥakīm</subfield>
      <subfield code="d">Person der Antike oder des Mittelalters</subfield>
    </datafield>
    <datafield tag="400" ind1="0" ind2=" ">
      <subfield code="a">Fīšū Šārmā</subfield>
      <subfield code="d">Person der Antike oder des Mittelalters</subfield>
      <subfield code="9">v:Sanskrit</subfield>
    </datafield>
    <datafield tag="400" ind1="0" ind2=" ">
      <subfield code="a">Fīshū Shārmā</subfield>
      <subfield code="d">Person der Antike oder des Mittelalters</subfield>
    </datafield>
    <datafield tag="400" ind1="0" ind2=" ">
      <subfield code="a">Bidpay</subfield>
      <subfield code="d">Person der Antike oder des Mittelalters</subfield>
    </datafield>
    <datafield tag="400" ind1="0" ind2=" ">
      <subfield code="a">Bīdpāy</subfield>
      <subfield code="d">Person der Antike oder des Mittelalters</subfield>
    </datafield>
    <datafield tag="400" ind1="0" ind2=" ">
      <subfield code="a">Bidpay-ı Brahman</subfield>
      <subfield code="d">Person der Antike oder des Mittelalters</subfield>
    </datafield>
    <datafield tag="400" ind1="0" ind2=" ">
      <subfield code="a">Bidpay-ı Berehmen</subfield>
      <subfield code="d">Person der Antike oder des Mittelalters</subfield>
    </datafield>
    <datafield tag="400" ind1="0" ind2=" ">
      <subfield code="a">Bidpay-ı Berhemen</subfield>
      <subfield code="d">Person der Antike oder des Mittelalters</subfield>
    </datafield>
    <datafield tag="400" ind1="0" ind2=" ">
      <subfield code="9">U:Arab</subfield>
      <subfield code="9">L:ara</subfield>
      <subfield code="a">فيشو شارما</subfield>
      <subfield code="d">Person der Antike oder des Mittelalters</subfield>
    </datafield>
    <datafield tag="400" ind1="0" ind2=" ">
      <subfield code="9">U:Arab</subfield>
      <subfield code="9">L:ota</subfield>
      <subfield code="a">بیدپای برهمن</subfield>
      <subfield code="d">Person der Antike oder des Mittelalters</subfield>
    </datafield>
    <datafield tag="548" ind1=" " ind2=" ">
      <subfield code="a">Person der Antike oder des Mittelalters</subfield>
      <subfield code="4">datl</subfield>
      <subfield code="4">https://d-nb.info/standards/elementset/gnd#associatedDate</subfield>
      <subfield code="w">r</subfield>
      <subfield code="i">Lebensdaten</subfield>
    </datafield>
    <datafield tag="667" ind1=" " ind2=" ">
      <subfield code="a">7</subfield>
    </datafield>
    <datafield tag="667" ind1=" " ind2=" ">
      <subfield code="a">12</subfield>
    </datafield>
    <datafield tag="667" ind1=" " ind2=" ">
      <subfield code="a">384</subfield>
    </datafield>
    <datafield tag="667" ind1=" " ind2=" ">
      <subfield code="a">VD-17</subfield>
    </datafield>
    <datafield tag="667" ind1=" " ind2=" ">
      <subfield code="a">VD-18</subfield>
    </datafield>
    <datafield tag="667" ind1=" " ind2=" ">
      <subfield code="a">Maschinell verknuepft mit DBL-Retro-Titeldaten</subfield>
    </datafield>
    <datafield tag="670" ind1=" " ind2=" ">
      <subfield code="a">Internet</subfield>
      <subfield code="u">http://ar.wikipedia.org/wiki/%D8%A8%D9%8A%D8%AF%D8%A8%D8%A7</subfield>
    </datafield>
    <datafield tag="670" ind1=" " ind2=" ">
      <subfield code="a">M, BLC, NUC</subfield>
    </datafield>
    <datafield tag="672" ind1=" " ind2="0">
      <subfield code="a">Bídpáí: The Anwár-i-Suhailí</subfield>
      <subfield code="f">1877</subfield>
    </datafield>
    <datafield tag="672" ind1=" " ind2="0">
      <subfield code="a">Bidpai͏̈: Les contes et fables indiennes de Bidpai͏̈ et de Lokman</subfield>
      <subfield code="f">1724</subfield>
    </datafield>
    <datafield tag="672" ind1=" " ind2="0">
      <subfield code="a">Bidpai: Der Alten Weisenn exempel</subfield>
      <subfield code="f">1539</subfield>
    </datafield>
    <datafield tag="672" ind1=" " ind2="0">
      <subfield code="a">Bidpai: The earliest English version of the Fables of Bidpai</subfield>
      <subfield code="f">1888</subfield>
    </datafield>
    <datafield tag="672" ind1=" " ind2="0">
      <subfield code="a">Bidpai: Političeskija i nravoučitelnyja basni Pilpaja, filosfa indejskago</subfield>
      <subfield code="f">1762</subfield>
    </datafield>
    <datafield tag="672" ind1=" " ind2="0">
      <subfield code="a">Bīdpāi: Kitāb Kalīla wa-Dimna. Naqalahū min al-fahlawīja Abdallāh Ibn-al-Muqaffa. *</subfield>
      <subfield code="f">1941</subfield>
    </datafield>
    <datafield tag="672" ind1=" " ind2="0">
      <subfield code="a">Guidi, Ignazio: Studii sul testo Arabo del libro di Calila e Dimna [verf. angebl. von Bī*</subfield>
      <subfield code="f">1873</subfield>
    </datafield>
    <datafield tag="672" ind1=" " ind2="0">
      <subfield code="a">Diez, Heinrich F. von: Über Inhalt und Vortrag, Entstehung und Schicksale des Königlich*</subfield>
      <subfield code="f">1811</subfield>
    </datafield>
    <datafield tag="672" ind1=" " ind2="0">
      <subfield code="a">Bidpai: Das Buch der Weyßheit der Alten</subfield>
      <subfield code="f">1536</subfield>
    </datafield>
    <datafield tag="672" ind1=" " ind2="0">
      <subfield code="a">Bidpai: [Bidpai]</subfield>
      <subfield code="f">1601</subfield>
    </datafield>
    <datafield tag="678" ind1=" " ind2=" ">
      <subfield code="b">Fiktiver Verfasser der ind. Fabelsammlung Pañcatantra, die ins Persische und von dort von ʿAbdallāh Ibn-al-Muqaffaʿ u.d.T. Kalīla wa-dimna ins Arab. übers. wurde</subfield>
    </datafield>
    <datafield tag="700" ind1="0" ind2="4">
      <subfield code="9">U:Arab</subfield>
      <subfield code="9">L:ara</subfield>
      <subfield code="a">بيدبا</subfield>
      <subfield code="d">Person der Antike oder des Mittelalters</subfield>
    </datafield>
    <datafield tag="700" ind1="0" ind2="4">
      <subfield code="9">U:Arab</subfield>
      <subfield code="9">L:ota</subfield>
      <subfield code="a">بیدپای</subfield>
      <subfield code="d">Person der Antike oder des Mittelalters</subfield>
    </datafield>
    <datafield tag="913" ind1=" " ind2=" ">
      <subfield code="S">pnd</subfield>
      <subfield code="i">5</subfield>
      <subfield code="a">Bidpai</subfield>
      <subfield code="0">(DE-588a)100794211</subfield>
    </datafield>
  </record>
